@misc{clean-code,
    title = "Clean code o Código Limpio, filosofía de programación",
    url = "https://www.genbetadev.com/metodologias-de-programacion/12-ideas-de-la-filosofia-clean-que-no-pueden-faltar-en-tu-codigo"
}
@misc{sql,
    title = "Structured Query Language o lenguaje de consulta estructurada",
    url = "https://es.wikipedia.org/wiki/SQL",
}
@misc{OMS,
    title = "Organización Mundial de la Salud",
    month = "February",
    year = "2018",
    url = "http://www.who.int/es"
}

@misc{58-asamblea,
    url = "http://apps.who.int/gb/archive/pdf_files/WHA58/A58_21-sp.pdf?ua=1",
    month = "April",
    year = "2005",
    title = "Cibersalud, informe de la Secretaría"
}

@misc{BilliCam,
    title = "BilliCam, app móvil para el diagnóstico de la ictericia neonata",
    url = "https://homes.cs.washington.edu/~mernst/advice/poster-examples/deGreef-billicam.pdf"
}

@misc{casos-de-uso,
    url = "https://es.wikipedia.org/wiki/Caso_de_uso",
    title = "Casos de uso",
    year = "2018",
    month = "May"
}
% @misc{tabla-especificacion-casos-de-uso,}

@misc{ionic,
    url = "https://ionicframework.com/",
    title = "Ionic framework, build amazing apps in one codebase, for any platform, with the web.",
    year = "2018"
}
@book{ionic-book,
    author = "Ravulavaru Arvind",
    title = "Learning ionic : buid hybrid mobile applications with HTML5, SCSS, and Angular",
    isbn = "978-1-78646-605-1",
    year = "2017"
}

@misc{jetbrains,
    key = web,
    url = "www.jetbrains.com",
    title = "JetBrains, the drive to develop Keep Evolving"
}

@misc{SPA,
    key = definition,
    url = "https://es.wikipedia.org/wiki/Single-page_application",
    title = "SPA, Single Page Aplication o Aplicación de Página Única",
    year = "2018"
}

@misc{api,
    url = "https://es.wikipedia.org/wiki/Interfaz_de_programaci%C3%B3n_de_aplicaciones",
    title = "Application Programing Interface o interfaz de programación de aplicaciones",
    year = "2018"
}

@misc{uml,
    title = "Unified Modeling Language o lenguaje unificado de modelado",
    url = "https://es.wikipedia.org/wiki/Lenguaje_unificado_de_modelado",
    year = "2018"
}


@book{dirac,
    title={The Principles of Quantum Mechanics},
    author={Paul Adrien Maurice Dirac},
    isbn={9780198520115},
    series={International series of monographs on physics},
    year={1981},
    publisher={Clarendon Press},
    keywords = {physics}
}

@book{latexcompanion,
    author    = "Michel Goossens and Frank Mittelbach and Alexander Samarin",
    title     = "The \LaTeX\ Companion",
    year      = "1993",
    publisher = "Addison-Wesley",
    address   = "Reading, Massachusetts",
    keywords  = "latex"
}

@online{knuthwebsite,
    author    = "Donald Knuth",
    title     = "Knuth: Computers and Typesetting",
    url       = "http://www-cs-faculty.stanford.edu/~uno/abcde.html",
    keywords  = "latex,knuth"
}

@inbook{knuth-fa,
    author = "Donald E. Knuth",
    title = "Fundamental Algorithms",
    publisher = "Addison-Wesley",
    year = "1973",
    chapter = "1.2",
    keywords  = "knuth,programming"
}

@book{knuth-acp,
    author = "Donald E. Knuth",
    publisher = "Addison-Wesley",
    title = "The Art of Computer Programming",
    series = "Four volumes",
    year = "1968",
    note = "Seven volumes planned",
    keywords  = "knuth,programming"
}

@article{ctan,
    author  = "George D. Greenwade",
    title   = "The {C}omprehensive {T}ex {A}rchive {N}etwork ({CTAN})",
    year    = "1993",
    journal = "TUGBoat",
    volume  = "14",
    number  = "3",
    pages   = "342--351",
    keywords  = "latex"
}